
   <record>
      <leader>00000nz  a2200000nc 4500</leader>
      <controlfield tag="001">institutions/51005834</controlfield>
      <controlfield tag="003">DE-633</controlfield>
      <controlfield tag="005">20250620052304.0</controlfield>
      <controlfield tag="008">211117||||z|||a|||||||||||||||||n||||||d</controlfield>
      <datafield tag="024" ind1="7" ind2=" ">
         <subfield code="a">155191846</subfield>
         <subfield code="2">VIAF</subfield>
      </datafield>
      <datafield tag="024" ind1="7" ind2=" ">
         <subfield code="a">5251598-9</subfield>
         <subfield code="2">DNB</subfield>
      </datafield>
      <datafield tag="024" ind1="7" ind2=" ">
         <subfield code="a">Q2860532</subfield>
         <subfield code="2">WKP</subfield>
      </datafield>
      <datafield tag="024" ind1="7" ind2=" ">
         <subfield code="a">CO-Bagn</subfield>
         <subfield code="q">siglum</subfield>
         <subfield code="2">rism</subfield>
      </datafield>
      <datafield tag="034" ind1="1" ind2=" ">
         <subfield code="d">-74.0765486439768</subfield>
         <subfield code="f">4.594109428271415</subfield>
      </datafield>
      <datafield tag="040" ind1=" " ind2=" ">
         <subfield code="a">DE-633</subfield>
         <subfield code="c">DE-633</subfield>
         <subfield code="e">rismg</subfield>
      </datafield>
      <datafield tag="043" ind1=" " ind2=" ">
         <subfield code="c">XD-CO</subfield>
      </datafield>
      <datafield tag="110" ind1="1" ind2=" ">
         <subfield code="a">Archivo General de la Nación</subfield>
         <subfield code="c">Bogotá</subfield>
         <subfield code="g">CO-Bagn</subfield>
      </datafield>
      <datafield tag="368" ind1=" " ind2=" ">
         <subfield code="a">Institution</subfield>
         <subfield code="a">Library</subfield>
         <subfield code="a">Archive</subfield>
      </datafield>
      <datafield tag="371" ind1=" " ind2=" ">
         <subfield code="a">Carrera 6 No. 6</subfield>
         <subfield code="b">Bogotá D.C.</subfield>
         <subfield code="d">Colombia</subfield>
         <subfield code="e">91</subfield>
         <subfield code="m">contacto@archivogeneral.gov.co</subfield>
         <subfield code="u">https://www.archivogeneral.gov.co/</subfield>
         <subfield code="z">tel: +57 / (60) 1 328 2888</subfield>
      </datafield>
      <datafield tag="510" ind1="2" ind2=" ">
         <subfield code="a">General Archive of the Nation</subfield>
      </datafield>
      <datafield tag="551" ind1="1" ind2=" ">
         <subfield code="a">Bogotá</subfield>
         <subfield code="0">places/3900377</subfield>
      </datafield>
   </record>